% **********************************************
% references
% **********************************************

@book{knoll2010radiation,
  title={Radiation detection and measurement},
  author={Knoll, Glenn F},
  year={2010},
  publisher={John Wiley \& Sons}
}

